@article{Chandra2012,
author = {Chandra, Arjun and Nymoen, Kristian and Voldsund, Arve},
file = {:E$\backslash$:/Clouds/Google Drive/Master II/Soundgates/Generative Music/2012\_chandra\_cmmr.pdf:pdf},
keywords = {active music,algorithmic auctions,collaborative performance,conflict resolution},
title = {{Enabling participants to play rhythmic solos within a group via auctions}},
url = {https://www.duo.uio.no/handle/10852/9105},
year = {2012}
}
@article{Planck2009,
author = {Planck, Max and Cognitive, Human},
file = {:E$\backslash$:/Clouds/Google Drive/Master II/Soundgates/Generative Music/kellerjanata\_mp2009.pdf:pdf},
pages = {289--292},
title = {{Embodied Music Cognition and Mediation Technology 289}},
year = {2009}
}
@article{Wooller2005,
author = {Wooller, Rene and Brown, AR and Miranda, Eduardo and Diederich, Joachim and Berry, Rodney},
file = {:E$\backslash$:/Clouds/Google Drive/Master II/Soundgates/Generative Music/6544.pdf:pdf},
number = {Eno 1996},
pages = {109--124},
title = {{A framework for comparison of process in algorithmic music systems}},
url = {http://eprints.qut.edu.au/6544},
year = {2005}
}
